@article{tidal_novae,
  author={Jim Fuller and Dong Lai},
  title={Tidal Novae in Compact Binary White Dwarfs},
  journal={The Astrophysical Journal Letters},
  volume={756},
  number={1},
  pages={L17},
  url={http://stacks.iop.org/2041-8205/756/i=1/a=L17},
  year={2012},
}
@article{flares,
  author={Jamie Law-Smith and Morgan MacLeod and James Guillochon and Phillip Macias and Enrico Ramirez-Ruiz},
  title={Low-mass White Dwarfs with Hydrogen Envelopes as a Missing Link in the Tidal Disruption Menu},
  journal={The Astrophysical Journal},
  volume={841},
  number={2},
  pages={132},
  url={http://stacks.iop.org/0004-637X/841/i=2/a=132},
  year={2017},
}
@article{lisa,
  author={Gijs Nelemans},
  title={The Galactic gravitational wave foreground},
  journal={Classical and Quantum Gravity},
  volume={26},
  number={9},
  pages={094030},
  url={http://stacks.iop.org/0264-9381/26/i=9/a=094030},
  year={2009},
}
@article{fullerI,
author = {Fuller, Jim and Lai, Dong},
title = {Tidal excitations of oscillation modes in compact white dwarf binaries – I. Linear theory},
journal = {Monthly Notices of the Royal Astronomical Society},
volume = {412},
number = {2},
pages = {1331-1340},
year = {2011},
doi = {10.1111/j.1365-2966.2010.18017.x},
URL = {http://dx.doi.org/10.1111/j.1365-2966.2010.18017.x},
eprint = {/oup/backfile/content_public/journal/mnras/412/2/10.1111/j.1365-2966.2010.18017.x/3/mnras0412-1331.pdf}
}
@article{fullerII,
author = {Fuller, Jim and Lai, Dong},
title = {Dynamical tides in compact white dwarf binaries: tidal synchronization and dissipation},
journal = {Monthly Notices of the Royal Astronomical Society},
volume = {421},
number = {1},
pages = {426-445},
year = {2012},
doi = {10.1111/j.1365-2966.2011.20320.x},
URL = { + http://dx.doi.org/10.1111/j.1365-2966.2011.20320.x},
eprint = {/oup/backfile/content_public/journal/mnras/421/1/10.1111/j.1365-2966.2011.20320.x/2/mnras0421-0426.pdf}
}
@article{MESA,
  author={Bill Paxton and Lars Bildsten and Aaron Dotter and Falk Herwig and Pierre Lesaffre and Frank Timmes},
  title={Modules for Experiments in Stellar Astrophysics (MESA)},
  journal={The Astrophysical Journal Supplement Series},
  volume={192},
  number={1},
  pages={3},
  url={http://stacks.iop.org/0067-0049/192/i=1/a=3},
  year={2011},
}
@article{dedalus,
  title = {Numerical simulations of internal wave generation by convection in water},
  author = {Lecoanet, Daniel and Le Bars, Michael and Burns, Keaton J. and Vasil, Geoffrey M. and Brown, Benjamin P. and Quataert, Eliot and Oishi, Jeffrey S.},
  journal = {Phys. Rev. E},
  volume = {91},
  issue = {6},
  pages = {063016},
  numpages = {10},
  year = {2015},
  month = {Jun},
  publisher = {American Physical Society},
  doi = {10.1103/PhysRevE.91.063016},
  url = {https://link.aps.org/doi/10.1103/PhysRevE.91.063016}
}

@article{darkEnergy,
  author={S. Perlmutter and G. Aldering and G. Goldhaber and R. A. Knop and P. Nugent and P. G. Castro and S. Deustua and S. Fabbro and A.
Goobar and D. E. Groom and I. M. Hook and A. G. Kim and M. Y. Kim and J. C. Lee and N. J. Nunes and R. Pain and C. R. Pennypacker and R.
Quimby and C. Lidman and R. S. Ellis and M. Irwin and R. G. McMahon and P. Ruiz-Lapuente and N. Walton and B. Schaefer and B. J.
Boyle and A. V. Filippenko and T. Matheson and A. S. Fruchter and N. Panagia and H. J. M. Newberg and W. J. Couch and The
Supernova Cosmology Project},
  title={Measurements of Ω and Λ from 42 High-Redshift Supernovae},
  journal={The Astrophysical Journal},
  volume={517},
  number={2},
  pages={565},
  url={http://stacks.iop.org/0004-637X/517/i=2/a=565},
  year={1999},
}
@article{Sutherland1,
title = "Weakly nonlinear non-Boussinesq internal gravity wavepackets",
journal = "Physica D: Nonlinear Phenomena",
volume = "240",
number = "3",
pages = "346 - 356",
year = "2011",
issn = "0167-2789",
doi = "https://doi.org/10.1016/j.physd.2010.09.008",
url = "http://www.sciencedirect.com/science/article/pii/S0167278910002587",
author = "H.V. Dosser and B.R. Sutherland",
keywords = "Internal gravity waves, Schrödinger equation, Modulational stability"
}
@article{Sutherland2,
    author = {Dosser, Hayley V. and Sutherland, Bruce R.},
    title = {Anelastic Internal Wave Packet Evolution and Stability},
    journal = {Journal of the Atmospheric Sciences},
    volume = {68},
    number = {12},
    pages = {2844-2859},
    year = {2011},
    doi = {10.1175/JAS-D-11-097.1},
    URL = { https://doi.org/10.1175/JAS-D-11-097.1 },
    eprint = { https://doi.org/10.1175/JAS-D-11-097.1 } ,
}
@article {DrazinFloquet,
    title = {On the instability of an internal gravity wave},
    volume = {356},
    number = {1686},
    pages = {411--432},
    year = {1977},
    doi = {10.1098/rspa.1977.0142},
    publisher = {The Royal Society},
    issn = {0080-4630},
    author={Drazin, Philip G.},
    URL = {http://rspa.royalsocietypublishing.org/content/356/1686/411},
    eprint = {http://rspa.royalsocietypublishing.org/content/356/1686/411.full.pdf},
    journal = {Proceedings of the Royal Society of London A: Mathematical, Physical and Engineering Sciences}
}
@book{Whitham,
    title={Linear and nonlinear waves},
    author={Whitham, Gerald Beresford},
    volume={42},
    year={2011},
    publisher={John Wiley \& Sons}
}
@article{psi, title={Experimental study of parametric subharmonic instability for internal plane waves}, volume={723}, DOI={10.1017/jfm.2013.78}, journal={Journal of Fluid Mechanics}, publisher={Cambridge University Press}, author={Bourget, Baptiste and Dauxois, Thierry and Joubaud, Sylvain and Odier, Philippe}, year={2013}, pages={1–20}}
@book{SutherlandBook,
  title={Internal gravity waves},
  author={Sutherland, Bruce R},
  year={2010},
  publisher={Cambridge university press}
}
@book{NR,
  title={Numerical recipes 3rd edition: The art of scientific computing},
  author={Press, William H and Teukolsky, Saul A and Vetterling, William T and Flannery, Brian P},
  year={2007},
  publisher={Cambridge university press}
}
@article{RadBC,
author = {Engquist, Bjorn and Majda, Andrew},
title = {Radiation boundary conditions for acoustic and elastic wave calculations},
journal = {Communications on Pure and Applied Mathematics},
volume = {32},
number = {3},
pages = {313-357},
year = {1979},
doi = {10.1002/cpa.3160320303},
url = {https://onlinelibrary.wiley.com/doi/abs/10.1002/cpa.3160320303},
eprint = {https://onlinelibrary.wiley.com/doi/pdf/10.1002/cpa.3160320303}
}
@Article{Wagatha1983,
author="Wagatha, Ludwig",
title="Approximation of pseudodifferential operators in absorbing boundary conditions for hyperbolic equations",
journal="Numerische Mathematik",
year="1983",
month="Mar",
day="01",
volume="42",
number="1",
issn="0945-3245",
doi="10.1007/BF01400917",
url="https://doi.org/10.1007/BF01400917"
}
@article{LecoanetDamp,
author = {Lecoanet, D. and Vasil, G. M. and Fuller, J. and Cantiello, M. and Burns, K. J.},
title = {Conversion of internal gravity waves into magnetic waves},
journal = {Monthly Notices of the Royal Astronomical Society},
volume = {466},
number = {2},
pages = {2181-2193},
year = {2017},
doi = {10.1093/mnras/stw3273},
URL = {http://dx.doi.org/10.1093/mnras/stw3273},
eprint = {/oup/backfile/content_public/journal/mnras/466/2/10.1093_mnras_stw3273/2/stw3273.pdf}
}
@article{GottliebCFL,
  title={The CFL condition for spectral approximations to hyperbolic initial-boundary value problems},
  author={Gottlieb, David and Tadmor, Eitan},
  journal={Mathematics of Computation},
  volume={56},
  number={194},
  pages={565--588},
  year={1991}
}
