@article{tidal_novae,
    author={Jim Fuller and Dong Lai},
    title={Tidal Novae in Compact Binary White Dwarfs},
    journal={ApJL},
    volume={756},
    number={1},
    pages={L17},
    year={2012},
}
@article{flares,
    author={Jamie Law-Smith and Morgan MacLeod and James Guillochon and Phillip Macias and Enrico Ramirez-Ruiz},
    title={Low-mass White Dwarfs with Hydrogen Envelopes as a Missing Link in the Tidal Disruption Menu},
    journal={ApJL},
    volume={841},
    number={2},
    pages={132},
    year={2017},
}
@article{lisa,
    author={Gijs Nelemans},
    title={The Galactic gravitational wave foreground},
    journal={Class.\ Quantum Grav},
    volume={26},
    number={9},
    pages={094030},
    year={2009},
}
@article{fullerII,
    author = {Fuller, Jim and Lai, Dong},
    title = {Dynamical tides in compact white dwarf binaries: tidal synchronization and dissipation},
    journal = {MNRAS},
    volume = {421},
    number = {1},
    pages = {426-445},
    year = {2012},
}
@article{fullerIV,
    author = {Fuller, Jim and Lai, Dong},
    title = {Dynamical tides in compact white dwarf binaries: helium core white dwarfs, tidal heating and observational signatures},
    journal = {MNRAS},
    volume = {430},
    number = {1},
    pages = {274-287},
    year = {2013},
}
@article{MESA,
    doi = {10.1088/0067-0049/208/1/4},
    year = 2013,
    month = {aug},
    publisher = {{IOP} Publishing},
    volume = {208},
    number = {1},
    pages = {4},
    author = {Bill Paxton and Matteo Cantiello and Phil Arras and Lars Bildsten and Edward F. Brown and Aaron Dotter and Christopher Mankovich and M. H. Montgomery and Dennis Stello and F. X. Timmes and Richard Townsend},
    title = {{MODULES} {FOR} {EXPERIMENTS} {IN} {STELLAR} {ASTROPHYSICS} ({MESA}): {PLANETS}, {OSCILLATIONS}, {ROTATION}, {AND} {MASSIVE} {STARS}},
    journal = {ApJS},
}
@article{winters1994,
    title={Three-dimensional wave instability near a critical level},
    volume={272},
    journal={J. Fluid Mech},
    publisher={Cambridge University Press},
    author={Winters, K. B. and D’Asaro, E. A.},
    year={1994},
    pages={255–284}
}
@article{12min,
    author={Warren R. Brown and Mukremin Kilic and J. J. Hermes and Carlos Allende Prieto and Scott J. Kenyon and D. E. Winget},
    title={A 12 Minute Orbital Period Detached White Dwarf Eclipsing Binary},
    journal={ApJL},
    volume={737},
    number={1},
    pages={L23},
    year={2011},
}
@article{DE,
    author={Adam G. Riess and Alexei V. Filippenko and Peter Challis and Alejandro Clocchiatti and Alan Diercks and Peter M. Garnavich and Ron L. Gilliland and Craig J. Hogan and Saurabh Jha and Robert P. Kirshner and B. Leibundgut and M. M. Phillips and David Reiss and Brian P. Schmidt and Robert A. Schommer and R. Chris Smith and J. Spyromilio and Christopher Stubbs and Nicholas B. Suntzeff and John Tonry},
    title={Observational Evidence from Supernovae for an Accelerating Universe and a Cosmological Constant},
    journal={AJ},
    volume={116},
    number={3},
    pages={1009},

}
@article{lsst_wd,
    author = {Korol, Valeriya and Rossi, Elena M. and Groot, Paul J. and Nelemans, Gijs and Toonen, Silvia and Brown, Anthony G. A.},
    title = {Prospects for detection of detached double white dwarf binaries with Gaia, LSST and LISA},
    journal = {MNRAS},
    volume = {470},
    number = {2},
    pages = {1894-1910},
    year = {2017},
}
@article{l_trans_rev,
    author = {Aerts, Conny and Mathis, Stephane and Rogers, Tamara},
    title = {Angular Momentum Transport in Stellar Interiors},
    journal = {ARAAAJ},
    volume = {57},
    year = {2019},
}
@article{80p,
    author = {{Fleming}, T.~A. and {Liebert}, J. and {Green}, R.~F.},
    title = "{The luminosity function of DA white dwarfs}",
    journal = {ApJ},
    keywords = {Star Formation, Stellar Color, Stellar Luminosity, White Dwarf Stars, Blue Stars, Star Distribution, Stellar Magnitude, Stellar Temperature, Ultraviolet Astronomy},
     year = 1986,
    month = sep,
    volume = 308,
    pages = {176-189},
}
@article{brassard1992,
    title={Adiabatic properties of pulsating DA white dwarfs. II-Mode trapping in compositionally stratified models},
    author={Brassard, P and Fontaine, G and Wesemael, F and Hansen, CJ},
    journal={ApJS},
    volume={80},
    pages={369--401},
    year={1992}
}
@article{drazin,
    title={On the instability of an internal gravity wave},
    author={Drazin, PG},
    journal={Proc. R. Soc. Lond. A},
    volume={356},
    number={1686},
    pages={411--432},
    year={1977},
    publisher={The Royal Society}
}
@article{booker_bretherton,
    title={The critical layer for internal gravity waves in a shear flow},
    volume={27},
    number={3},
    journal={J. Fluid Mech},
    publisher={Cambridge University Press},
    author={Booker, John R. and Bretherton, Francis P.},
    year={1967},
    pages={513–539}
}
@article{hazel,
    title={The effect of viscosity and heat conduction on internal gravity waves at a critical level},
    volume={30},
    number={4},
    journal={J. Fluid Mech},
    publisher={Cambridge University Press},
    author={Hazel, Philip},
    year={1967},
    pages={775–783}
}
@article{jones_num,
    author = {Jones, Walter L. and Houghton, David D.},
    title = {The Coupling of Momentum Between Internal Gravity Waves and Mean Flow: A Numerical Study},
    journal = {J. Atmospheric Sci},
    volume = {28},
    number = {4},
    pages = {604-608},
    year = {1971},
}
@unpublished{dedalus,
    author = {Burns, Keaton J. and Vasil, George M. and Oishi, Jeff S. and Lecoanet, Daniel and Brown, Ben and Quataert, Eliot},
    title = {Dedalus: A Flexible Pseudo-Spectral Framework for Solving Partial Differential Equations},
    note = {(Unpublished)},
}
@unpublished{me,
    author = {Su, Yubo and Lecoanet, Daniel and Lai, Dong},
    title = {Nonlinear Internal Gravity Wave Breaking in White Dwarfs},
    note = {(In preparation)},
}
@article{Ia1,
    title={An upper limit on the contribution of accreting white dwarfs to the type Ia supernova rate},
    author={Gilfanov, Marat and Bogd{\'a}n, {\'A}kos},
    journal={Nature},
    volume={463},
    number={7283},
    pages={924},
    year={2010},
    publisher={Nature Publishing Group}
}
@article{Ia2,
    year = 2010,
    month = {oct},
    publisher = {{IOP} Publishing},
    volume = {722},
    number = {2},
    pages = {1879--1894},
    author = {Dan Maoz and Keren Sharon and  Avishay Gal-Yam},
    title = {{THE} {SUPERNOVA} {DELAY} {TIME} {DISTRIBUTION} {IN} {GALAXY} {CLUSTERS} {AND} {IMPLICATIONS} {FOR} {TYPE}-Ia {PROGENITORS} {AND} {METAL} {ENRICHMENT}},
    journal = {ApJ},
}
@article{Ia0,
    title={Supernovae of type I as end products of the evolution of binaries with components of moderate initial mass (M not greater than about 9 solar masses)},
    author={Iben Jr, Icko and Tutukov, Alexander V},
    journal={ApJS},
    volume={54},
    pages={335--372},
    year={1984}
}
@article{webbink,
    title={Double white dwarfs as progenitors of R Coronae Borealis stars and Type I supernovae},
    author={Webbink, RF},
    journal={ApJ},
    volume={277},
    pages={355--360},
    year={1984}
}
@article{underlum,
    title={A faint type of supernova from a white dwarf with a helium-rich companion},
    author={Perets, Hagai B and Gal-Yam, Avishay and Mazzali, PA and Arnett, D and Kagan, D and Filippenko, Alexei V and Li, Weidong and Arcavi, I and Cenko, S Bradley and Fox, DB and others},
    journal={Nature},
    volume={465},
    number={7296},
    pages={322},
    year={2010},
    publisher={Nature Publishing Group}
}
@article{carich,
    author = {Garc\'ia-Berro, Enrique and Badenes, Carles and Aznar-Sigu\'an, Gabriela and Lor\'en-Aguilar, Pablo},
    title = {White dwarf dynamical interactions and fast optical transients},
    journal = {MNRAS},
    volume = {468},
    number = {4},
    pages = {4815-4821},
    year = {2017},
}
@article{gaiaDD,
    year = 2018,
    month = {sep},
    publisher = {American Astronomical Society},
    volume = {865},
    number = {1},
    pages = {15},
    author = {Ken J. Shen and Douglas Boubert and Boris T. Gänsicke and Saurabh W. Jha and Jennifer E. Andrews and Laura Chomiuk and Ryan J. Foley and Morgan Fraser and Mariusz Gromadzki and James Guillochon and Marissa M. Kotze and Kate Maguire and Matthew R. Siebert and Nathan Smith and Jay Strader and Carles Badenes and Wolfgang E. Kerzendorf and Detlev Koester and Markus Kromer and Broxton Miles and Rüdiger Pakmor and Josiah Schwab and Odette Toloza and Silvia Toonen and Dean M. Townsley and Brian J. Williams},
    title = {Three Hypervelocity White Dwarfs in Gaia {DR}2: Evidence for Dynamically Driven Double-degenerate Double-detonation Type Ia Supernovae},
    journal = {AJ},
}
@article{gaiaDD2,
    author = {Kilic, Mukremin and Hambly, N C and Bergeron, P and Genest-Beaulieu, C and Rowell, N},
    title = {Gaia reveals evidence for merged white dwarfs},
    journal = {MNRAS},
    volume = {479},
    number = {1},
    pages = {L113-L117},
    year = {2018},
}
@article{LISA_band,
    author = {{Amaro-Seoane}, Pau and {Audley}, Heather and {Babak}, Stanislav and {Baker}, John and {Barausse}, Enrico and {Bender}, Peter and {Berti}, Emanuele and {Binetruy}, Pierre and {Born}, Michael and {Bortoluzzi}, Daniele and {Camp}, Jordan and {Caprini}, Chiara and {Cardoso}, Vitor and {Colpi}, Monica and {Conklin}, John and {Cornish}, Neil and {Cutler}, Curt and {Danzmann}, Karsten and {Dolesi}, Rita and {Ferraioli}, Luigi and {Ferroni}, Valerio and {Fitzsimons}, Ewan and {Gair}, Jonathan and {Gesa Bote}, Lluis and {Giardini}, Domenico and {Gibert}, Ferran and {Grimani}, Catia and {Halloin}, Hubert and {Heinzel}, Gerhard and {Hertog}, Thomas and {Hewitson}, Martin and {Holley-Bockelmann}, Kelly and {Hollington}, Daniel and {Hueller}, Mauro and {Inchauspe}, Henri and {Jetzer}, Philippe and {Karnesis}, Nikos and {Killow}, Christian and {Klein}, Antoine and {Klipstein}, Bill and {Korsakova}, Natalia and {Larson}, Shane L and {Livas}, Jeffrey and {Lloro}, Ivan and {Man}, Nary and {Mance}, Davor and {Martino}, Joseph and {Mateos}, Ignacio and {McKenzie}, Kirk and {McWilliams}, Sean T and {Miller}, Cole and {Mueller}, Guido and {Nardini}, Germano and {Nelemans}, Gijs and {Nofrarias}, Miquel and {Petiteau}, Antoine and {Pivato}, Paolo and {Plagnol}, Eric and {Porter}, Ed and {Reiche}, Jens and {Robertson}, David and {Robertson}, Norna and {Rossi}, Elena and {Russano}, Giuliana and {Schutz}, Bernard and {Sesana}, Alberto and {Shoemaker}, David and {Slutsky}, Jacob and {Sopuerta}, Carlos F. and {Sumner}, Tim and {Tamanini}, Nicola and {Thorpe}, Ira and {Troebs}, Michael and {Vallisneri}, Michele and {Vecchio}, Alberto and {Vetrugno}, Daniele and {Vitale}, Stefano and {Volonteri}, Marta and {Wanner}, Gudrun and {Ward}, Harry and {Wass}, Peter and {Weber}, William and {Ziemer}, John and {Zweifel}, Peter},
    title = "{Laser Interferometer Space Antenna}",
    journal = {arXiv},
    keywords = {Astrophysics - Instrumentation and Methods for Astrophysics},
     year = 2017,
    month = Feb,
      eid = {arXiv:1702.00786},
}
@article{gn89,
  title={Tidal friction in early-type stars},
  author={Goldreich, Peter and Nicholson, Philip D},
  journal={ApJ},
  volume={342},
  number={2},
  pages={1079--1084},
  year={1989},
  publisher={American Astronomical Society}
}
@article{zahn75,
  title={The dynamical tide in close binaries},
  author={Zahn, J-P},
  journal={A\&A},
  volume={41},
  pages={329--344},
  year={1975}
}
@article{DWD_pointmass,
    author = {van den Broek, D. and Nelemans, G. and Dan, M. and Rosswog, S.},
    title = {On the point mass approximation to calculate the gravitational wave signal from white dwarf binaries},
    journal = {MNRAS:L},
    volume = {425},
    number = {1},
    pages = {L24-L27},
    year = {2012},
    doi = {10.1111/j.1745-3933.2012.01294.x},
}
@article{peters,
  title = {Gravitational Radiation from Point Masses in a Keplerian Orbit},
  author = {Peters, P. C. and Mathews, J.},
  journal = {Phys. Rev.},
  volume = {131},
  issue = {1},
  pages = {435--440},
  numpages = {0},
  year = {1963},
  month = {Jul},
  publisher = {American Physical Society},
  doi = {10.1103/PhysRev.131.435},
}
@article{barker_ogilvie,
  title={On internal wave breaking and tidal dissipation near the centre of a solar-type star},
  author={Barker, Adrian J and Ogilvie, Gordon I},
  journal={MNRAS},
  volume={404},
  number={4},
  pages={1849--1868},
  year={2010},
  publisher={Blackwell Publishing Ltd Oxford, UK}
}
